@Inbook{Zaroliagis2008,
    author="Zaroliagis, Christos",
    editor="Kao, Ming-Yang",
    title="Engineering Algorithms for Large Network Applications",
    bookTitle="Encyclopedia of Algorithms",
    year="2008",
    publisher="Springer US",
    address="Boston, MA",
    pages="272--274",
    isbn="978-0-387-30162-4",
    doi="10.1007/978-0-387-30162-4_125",
    url="https://doi.org/10.1007/978-0-387-30162-4_125"
}

@article{Holzer2008,
    author = {Holzer, Martin and Schulz, Frank and Wagner, Dorothea},
    year = {2008},
    month = {09},
    pages = {},
    title = {Engineering Multi-Level Overlay Graphs for Shortest-Path Queries},
    volume = {13},
    isbn = {978-1-61197-286-3},
    journal = {ACM Journal of Experimental Algorithmics},
    doi = {10.1145/1412228.1412239}
}

@article{Wagner2005,
    author = {Wagner, Dorothea and Willhalm, Thomas and Zaroliagis, Christos},
    title = {Geometric Containers for Efficient Shortest-Path Computation},
    year = {2005},
    issue_date = {2005},
    publisher = {Association for Computing Machinery},
    address = {New York, NY, USA},
    volume = {10},
    issn = {1084-6654},
    url = {https://doi.org/10.1145/1064546.1103378},
    doi = {10.1145/1064546.1103378},
    journal = {ACM J. Exp. Algorithmics},
    month = {dec},
    pages = {1.3–es},
    numpages = {30},
    keywords = {geometric container, Data structures and algorithms, graph algorithms, shortest path, Dijkstra's algorithm, traffic network}
}

@article{Sieranoja2022,
author = {Sieranoja, Sami and Fr\"{a}nti, Pasi},
title = {Adapting K-Means for Graph Clustering},
year = {2022},
issue_date = {Jan 2022},
publisher = {Springer-Verlag},
address = {Berlin, Heidelberg},
volume = {64},
number = {1},
issn = {0219-1377},
url = {https://doi.org/10.1007/s10115-021-01623-y},
doi = {10.1007/s10115-021-01623-y},
journal = {Knowl. Inf. Syst.},
month = {jan},
pages = {115–142},
numpages = {28},
keywords = {Cluster analysis, k-means, Community detection, Graph clustering, Graph mining}
}