@inproceedings{pid:2020,
  author = {Robert Barsanti},
  title = {Teaching PID Control Design Using Matlab},
  booktitle = {2022 ASEE Southeast Section Conference },
  year = {2020},
}

@article{pzmap:2005,
  author={Lundberg, K.H.},
  journal={IEEE Control Systems Magazine}, 
  title={Pole-zero phase maps: visualization helps students develop s-plane intuition}, 
  year={2005},
  volume={25},
  number={1},
  pages={84-87},
  keywords={Control engineering education;Transfer functions;Bode diagrams;Poles and zeros;Nyquist stability;Root loci},
  doi={10.1109/MCS.2005.1388806}
}
